<record><leader>00000cam a22000004a 4500</leader><controlfield tag="001">53096972</controlfield><controlfield tag="008">030916r20041999nyu           000 0 eng  </controlfield><controlfield tag="009">466</controlfield><datafield ind1=" " ind2=" " tag="010"><subfield code="a">  2003060479</subfield></datafield><datafield ind1=" " ind2=" " tag="040"><subfield code="a">DLC</subfield><subfield code="b">eng</subfield><subfield code="c">DLC</subfield><subfield code="d">C#P</subfield><subfield code="d">BAKER</subfield><subfield code="d">BTCTA</subfield><subfield code="d">YDXCP</subfield><subfield code="d">OCLCG</subfield><subfield code="d">DEBBG</subfield></datafield><datafield ind1=" " ind2=" " tag="020"><subfield code="a">0375414541</subfield></datafield><datafield ind1=" " ind2=" " tag="020"><subfield code="a">9780375414541</subfield></datafield><datafield ind1="1" ind2=" " tag="029"><subfield code="a">YDXCP</subfield><subfield code="b">2033779</subfield></datafield><datafield ind1="1" ind2=" " tag="029"><subfield code="a">NZ1</subfield><subfield code="b">7992546</subfield></datafield><datafield ind1="1" ind2=" " tag="029"><subfield code="a">AU@</subfield><subfield code="b">000024976994</subfield></datafield><datafield ind1="1" ind2=" " tag="029"><subfield code="a">DEBBG</subfield><subfield code="b">BV017568375</subfield></datafield><datafield ind1="1" ind2=" " tag="041"><subfield code="a">eng</subfield><subfield code="h">dut</subfield></datafield><datafield ind1=" " ind2=" " tag="042"><subfield code="a">pcc</subfield></datafield><datafield ind1=" " ind2=" " tag="043"><subfield code="a">f-ug---</subfield></datafield><datafield ind1="0" ind2="0" tag="050"><subfield code="a">PT5881.19.S24</subfield><subfield code="b">S5213 2004</subfield></datafield><datafield ind1=" " ind2="4" tag="082"><subfield code="a">839.313</subfield></datafield><datafield ind1=" " ind2=" " tag="084"><subfield code="a">GV 1250 I78</subfield><subfield code="2">rvk</subfield></datafield><datafield ind1=" " ind2=" " tag="084"><subfield code="a">GV 1250</subfield><subfield code="2">rvk</subfield></datafield><datafield ind1="1" ind2=" " tag="100"><subfield code="a">Isegawa, Moses,</subfield><subfield code="d">1963-</subfield></datafield><datafield ind1="1" ind2="0" tag="240"><subfield code="a">Slangenkuil.</subfield><subfield code="l">English</subfield></datafield><datafield ind1="1" ind2="0" tag="245"><subfield code="a">Snakepit /</subfield><subfield code="c">Moses Isegawa.</subfield></datafield><datafield ind1=" " ind2=" " tag="250"><subfield code="a">1st American ed.</subfield></datafield><datafield ind1=" " ind2=" " tag="260"><subfield code="a">New York :</subfield><subfield code="b">Knopf :</subfield><subfield code="b">Distributed by Random House,</subfield><subfield code="c">2004.</subfield></datafield><datafield ind1=" " ind2=" " tag="300"><subfield code="a">259 p. ;</subfield><subfield code="c">23 cm.</subfield></datafield><datafield ind1=" " ind2=" " tag="530"><subfield code="a">Also issued online.</subfield></datafield><datafield ind1=" " ind2="0" tag="651"><subfield code="a">Uganda</subfield><subfield code="v">Fiction.</subfield></datafield><datafield ind1="0" ind2="8" tag="776"><subfield code="i">Online version:</subfield><subfield code="a">Isegawa, Moses, 1963-</subfield><subfield code="s">Slangenkuil. English.</subfield><subfield code="t">Snakepit.</subfield><subfield code="b">1st American ed.</subfield><subfield code="d">New York : Knopf : Distributed by Random House, 2004</subfield><subfield code="w">(OCoLC)607197204</subfield></datafield><datafield ind1="4" ind2="2" tag="856"><subfield code="3">Contributor biographical information</subfield><subfield code="u">http://catdir.loc.gov/catdir/bios/random055/2003060479.html</subfield></datafield><datafield ind1="4" ind2="2" tag="856"><subfield code="3">Publisher description</subfield><subfield code="u">http://catdir.loc.gov/catdir/description/random0414/2003060479.html</subfield></datafield><datafield ind1="4" ind2="1" tag="856"><subfield code="3">Sample text</subfield><subfield code="u">http://catdir.loc.gov/catdir/enhancements/fy0614/2003060479-s.html</subfield></datafield><datafield ind1=" " ind2=" " tag="938"><subfield code="a">Baker &amp; Taylor</subfield><subfield code="b">BKTY</subfield><subfield code="c">24.00</subfield><subfield code="d">18.00</subfield><subfield code="i">0375414541</subfield><subfield code="n">0004295681</subfield><subfield code="s">active</subfield></datafield><datafield ind1=" " ind2=" " tag="938"><subfield code="a">Baker and Taylor</subfield><subfield code="b">BTCP</subfield><subfield code="n">2003060479</subfield></datafield><datafield ind1=" " ind2=" " tag="938"><subfield code="a">YBP Library Services</subfield><subfield code="b">YANK</subfield><subfield code="n">2033779</subfield></datafield></record>